<?xml version="1.0" encoding="UTF-8"?><record xmlns="http://www.loc.gov/MARC21/slim" xmlns:cinclude="http://apache.org/cocoon/include/1.0" xmlns:zs="http://www.loc.gov/zing/srw/">
  <leader>00582nz  a2200133n  4500</leader>
  <controlfield tag="001">n  92080903 </controlfield>
  <controlfield tag="003">DLC</controlfield>
  <controlfield tag="005">19921006144511.4</controlfield>
  <controlfield tag="008">920811n| acannaab|          |a aaa |||  </controlfield>
  <datafield tag="010" ind1=" " ind2=" ">
    <subfield code="a">n  92080903 </subfield>
  </datafield>
  <datafield tag="040" ind1=" " ind2=" ">
    <subfield code="a">DLC</subfield>
    <subfield code="c">DLC</subfield>
  </datafield>
  <datafield tag="100" ind1="1" ind2="0">
    <subfield code="a">Shangin, V. V.</subfield>
    <subfield code="t">Kratkiĭ ocherk torgovoĭ i promyshlennoĭ dei︠a︡telʹnosti Kaluzhskoĭ gubernii</subfield>
  </datafield>
  <datafield tag="400" ind1="1" ind2="0">
    <subfield code="a">Shangin, V. V.</subfield>
    <subfield code="t">Kratkīĭ ocherk torgovoĭ i promyshlennoĭ di︠e︡i︠a︡telʹnosti Kaluzhskoĭ gubernīi</subfield>
  </datafield>
  <datafield tag="670" ind1=" " ind2=" ">
    <subfield code="a">His Kratkīĭ ocherk torgovoĭ i promyshlennoĭ di︠e︡i︠a︡telʹnosti Kaluzhskoĭ gubernīi,1898.</subfield>
  </datafield>
</record>